<record xmlns='http://www.loc.gov/MARC21/slim'><leader>01514cgm a2200373 a 4500</leader><controlfield tag='001'>5555946</controlfield><controlfield tag='005'>20141229092658.0</controlfield><controlfield tag='007'>vf cbahom</controlfield><controlfield tag='008'>050614s2002    xxu084            vleng d</controlfield><datafield ind1=' ' ind2=' ' tag='035'><subfield code='a'>5555946</subfield></datafield><datafield ind1=' ' ind2=' ' tag='035'><subfield code='a'>(OCoLC)74929306</subfield></datafield><datafield ind1=' ' ind2=' ' tag='040'><subfield code='a'>NIC</subfield><subfield code='c'>NIC</subfield></datafield><datafield ind1=' ' ind2=' ' tag='043'><subfield code='a'>f-et---</subfield></datafield><datafield ind1='0' ind2='0' tag='245'><subfield code='a'>Reflections on post Haile Selassie Ethiopia</subfield><subfield code='h'>[videorecording] /</subfield><subfield code='c'>Africana Studies and Research Center, Cornell University.</subfield></datafield><datafield ind1=' ' ind2=' ' tag='260'><subfield code='c'>2002.</subfield></datafield><datafield ind1=' ' ind2=' ' tag='300'><subfield code='a'>1 videocassette (84 min.) :</subfield><subfield code='b'>sd., col. ;</subfield><subfield code='c'>1/2 in.</subfield></datafield><datafield ind1=' ' ind2='0' tag='440'><subfield code='a'>Africana Studies and Research Center colloquium series</subfield></datafield><datafield ind1=' ' ind2=' ' tag='538'><subfield code='a'>VHS.</subfield></datafield><datafield ind1=' ' ind2=' ' tag='500'><subfield code='a'>Title from videocassette label.</subfield></datafield><datafield ind1='0' ind2=' ' tag='511'><subfield code='a'>Ayele Bekerie.</subfield></datafield><datafield ind1=' ' ind2=' ' tag='518'><subfield code='a'>Videotaped at Africana Studies and Research Center, Cornell University on April 24, 2002.</subfield></datafield><datafield ind1=' ' ind2=' ' tag='520'><subfield code='a'>Ayele Bekerie talks about the historical, social, cultural, and economical changes of Ethiopia after Haile Selassie&apos;s regime.</subfield></datafield><datafield ind1=' ' ind2='0' tag='651'><subfield code='a'>Ethiopia</subfield><subfield code='x'>Politics and government</subfield><subfield code='y'>1991-</subfield></datafield><datafield ind1=' ' ind2='0' tag='651'><subfield code='a'>Ethiopia</subfield><subfield code='x'>Social conditions</subfield><subfield code='y'>1974-</subfield></datafield><datafield ind1=' ' ind2='0' tag='651'><subfield code='a'>Ethiopia</subfield><subfield code='x'>History</subfield><subfield code='y'>1974-</subfield></datafield><datafield ind1='0' ind2='0' tag='650'><subfield code='a'>Haile Selassie</subfield><subfield code='b'>I,</subfield><subfield code='c'>Emperor of Ethiopia,</subfield><subfield code='d'>1892-1975.</subfield></datafield><datafield ind1=' ' ind2='7' tag='648'><subfield code='a'>Since 1974</subfield><subfield code='2'>fast</subfield></datafield><datafield ind1=' ' ind2='7' tag='650'><subfield code='a'>Political science</subfield><subfield code='2'>fast</subfield><subfield code='0'>(OCoLC)fst01069781</subfield></datafield><datafield ind1=' ' ind2='7' tag='650'><subfield code='a'>Social history</subfield><subfield code='2'>fast</subfield><subfield code='0'>(OCoLC)fst01122498</subfield></datafield><datafield ind1=' ' ind2='7' tag='651'><subfield code='a'>Ethiopia</subfield><subfield code='2'>fast</subfield><subfield code='0'>(OCoLC)fst01205830</subfield></datafield><datafield ind1='0' ind2=' ' tag='700'><subfield code='a'>Ayele Bekerie.</subfield></datafield><datafield ind1='2' ind2=' ' tag='710'><subfield code='a'>Cornell University.</subfield><subfield code='b'>Africana Studies and Research Center.</subfield></datafield><datafield ind1='1' ind2=' ' tag='948'><subfield code='a'>20050831</subfield><subfield code='b'>o</subfield><subfield code='d'>sok1</subfield><subfield code='e'>lts</subfield></datafield><datafield ind1='2' ind2=' ' tag='948'><subfield code='a'>20141229</subfield><subfield code='b'>m</subfield><subfield code='d'>batch</subfield><subfield code='e'>lts</subfield><subfield code='x'>addfast</subfield></datafield></record>